@ONLINE {xp_site,
    author = "Don Wells",
    title  = "Extreme Programming: A gentle introduction",
    month  = "oct",
    year   = "2013",
    url    = "http://www.extremeprogramming.org/",
    note    = {\\ \url{http://www.extremeprogramming.org/}, visitado Abril - 2017}
}

@BOOK{xp_addison,
	    AUTHOR = "Beck, K.",
	    TITLE = "Extreme Programming Explained: Embrace Change",
	    PUBLISHER = "Addison Wesley",
	    YEAR = "1999"
}

@TECHREPORT {IBM_Mobile,
    author      = "WebSphere",
    title       = "El desarrollo de aplicaciones móviles nativas, Web o híbridas",
    institution = "IBM",
    year        = "2012",
    number      = "WSW14182-USEN-01",
    month       = "apr"
}

@ONLINE {ember_antidote,
    author = "Godfrey Chan",
    title  = "Ember.js: An Antidote To Your Hype Fatigue",
    month  = "may",
    year   = "2015",
    url    = "http://brewhouse.io/blog/2015/05/13/emberjs-an-antidote-to-your-hype-fatigue.html"
}

@ONLINE {mvc,
    author = "Universidad de Alicante",
    title  = "Modelo vista controlador (MVC)",
    year   = "2015",
    url    = "https://si.ua.es/es/documentacion/asp-net-mvc-3/1-dia/modelo-vista-controlador-mvc.html"
}

@BOOK {design2005,
    author    = "Jeffrey A. Hoffer and Joey F. George and Joseph S. Valacich",
    title     = "Modern Systems Analysis and Design",
    publisher = "Prentice-Hall",
    year      = "2005"
}

@ONLINE {intro_agile_2015,
    author = "Steve Hayes and Martin Andrews",
    title  = "An Introduction to Agile Methods",
    year   = "2015",
    url    = "http://csis.pace.edu/~marchese/CS616/Agile/IntroToAgileMethods.pdf"
}

@ONLINE {xpesp,
    author = "Angel Torres Ponce",
    title  = "XP Metodología ágil",
    month  = "mar",
    year   = "2004",
    url    = "https://prezi.com/axxujrg_tyxw/xp/"
}

@ARTICLE {xpcyta,
    author  = "Patricio Letelier  and M. Carmen Penadés",
    title   = "Métodologías ágiles para el desarrollo de software: eXtreme Programming (XP)",
    journal = "Ciencia y Técnica Administrativa",
    year    = "2006",
    volume  = "05",
    number  = "26"
}

@TECHREPORT {xp_overview,
    author      = "Thomas Dudziak",
    title       = "eXtreme Programming An Overview",
    institution = "SEIDENBERG SCHOOL OF CSIS",
    year        = "2000"
}

@ONLINE {Georreferenciacion,
    author = "Escuela virtual de invierno EspiRA",
    title  = "REALIDAD AUMENTADA GEOREFERENCIADA",
    year   = "2013",
    url    = "https://sites.google.com/a/xtec.cat/curs-qr-ar-public-copia/modul-2/2-realidad-aumentada-georeferenciada-espira"
}

@ONLINE {gmaps_osm,
    author = "Jochen Topf and Christoph Hormann",
    title  = "Projections/Spatial reference systems",
    year   = "2015",
    url    = "http://openstreetmapdata.com/info/projections",
    note   = "\url{http://openstreetmapdata.com/info/projections}"
}

@PHDTHESIS {roythomasfielding2000,
    author = "Roy Thomas Fielding",
    title  = "Architectural Styles and the Design of Network-based Software Architectures",
    school = "UNIVERSITY OF CALIFORNIA, IRVINE",
    year   = "2000"
}

@TECHREPORT {steveburbeck1992,
    author = "Steve Burbeck",
    title  = "How to use Model-View-Controller (MVC)",
    year   = "1992"
}

@ONLINE {w3c_web_service,
    author = "Yves Lafon",
    title  = "Web Services Activity Statement",
    year   = "2002",
    url    = "https://www.w3.org/2002/ws/Activity",
    note    = "\url{https://www.w3.org/2002/ws/Activity}"
}

@TECHREPORT {rest_web_service,
    author      = "Rafael Navarro Marset",
    title       = "REST vs Web Services",
    institution = "ELP-DSIC-UPV",
    year        = "2007"
}

@ONLINE {uri,
    title = "Uniform Resource Identifier (URI): Generic Syntax",
    month = "jan",
    year  = "2005",
    url   = "http://www.ietf.org/rfc/rfc3986.txt",
    note   = "\url{http://www.ietf.org/rfc/rfc3986.txt}"
}

@ONLINE {spa_wiki,
    title = "Single-page application",
    year  = "2017",
    url   = "https://es.wikipedia.org/wiki/Single-page_application",
    note   = "\\ \url{https://es.wikipedia.org/wiki/Single-page_application}, Visitado Abril - 2017"
}

@ARTICLE {spa_msdn,
    author  = "Mike Wasson",
    title   = "ASP.NET - Single-Page Applications: Build Modern, Responsive Web Apps with ASP.NET",
    journal = "Microsoft Magazine",
    year    = "2013",
    volume  = "28",
    number  = "11",
    month   = "nov"
}

@MISC {coords2009,
    author = "R. Knippers",
    title  = "Coordinate systems",
    howpublished = "\\ \url{http://kartoweb.itc.nl/geometrics/coordinate%20systems/coordsys.html}",
    year   = "2009",
    note    = "Visitado Abril - 2017"
}

@TECHREPORT {p_iscs,
    author      = "Isaac Kunen",
    title       = "Introduction to Spatial Coordinate Systems: Flat Maps for a Round Planet",
    institution = "Microsoft",
    year        = "2008",
    month       = "jul"
}

@TECHREPORT {projected,
    author      = "Ferenc Végső",
    title       = "The basics of positioning",
    institution = "University of West Hungary, Faculty of Geoinformatics",
    year        = "2010"
}

@ONLINE {msdn_srid,
    title = "Identificadores de referencia espacial (SRID)",
    year  = "2016",
    url   = "https://msdn.microsoft.com/es-es/library/bb964707.aspx"
}

@BOOK {teoria_grafos,
    author = "Alfredo Caicedo Barrero and Graciela Wagner de Garcia and Rosa Maria Mendez Parra",
    title  = "Introducción a la Teoría de Grafos",
    year   = "2010",
    note   = "ISBN: 978-958-99325-7-5"
}

@TECHREPORT {esri_shapefile,
    title       = "ESRI Shapefile Technical Description",
    institution = "ESRI",
    year        = "1998"
}

@ONLINE {what_is_shapefile,
    title = "Qué es un shapefile",
    year  = "2016",
    url   = "http://desktop.arcgis.com/es/arcmap/10.3/manage-data/shapefiles/what-is-a-shapefile.htm",
    note   = "\\ \url{http://desktop.arcgis.com/es/arcmap/10.3/manage-data/shapefiles/what-is-a-shapefile.htm}"
}

@ARTICLE {osgeo_journal_topology,
    author  = "Landon Blake",
    title   = "Spatial Relationships in GIS – Geospatial Topology Basics",
    journal = "OSGeo Journal",
    year    = "2007",
    volume  = "2",
    month   = "sep",
    note    = "ISSN 1994-1897"
}

@MISC {what_is_gis,
    title = "What is GIS?",
    year  = "2017",
    howpublished = "\\ \url{http://www.esri.com/what-is-gis}",
    note   = "Visitado Abril - 2017"
}

@ONLINE {umss_history,
    title = {Historia de la Universidad Mayor de San Simón},
    year  = {2005},
    url   = {http://www.umss.edu.bo/historia.php},
    note   = "\\ \url{http://www.umss.edu.bo/historia.php}, Visitado 25 de Abril de 2017 "
}

@ONLINE {umss_mapa,
    title = {Mapa Universitario},
    year  = {2005},
    url   = {http://www.umss.edu.bo/mapa.php},
    note   = "\\ \url{http://www.umss.edu.bo/mapa.php}, Visitado 25 de Abril de 2017 "
}

@MISC {casos_uso,
    title = {Casos de Uso - Un Método Práctico para Explorar Requerimientos},
    author = {Santiago Ceria},
    year  = {2001},
    howpublished = "\\ \url{http://www-2.dc.uba.ar/materias/isoft1/2001_2/apuntes/CasosDeUso.pdf}",
    note   = "Visitado Abril - 2017"
}
